@book{fang2005design,
  title={Design and modeling for computer experiments},
  author={Fang, Kai-Tai and Li, Runze and Sudjianto, Agus},
  year={2005},
  publisher={Chapman and Hall/CRC}
}

@article{young1991locally,
  title={A locally refined rectangular grid finite element method: application to computational fluid dynamics and computational physics},
  author={Young, David P and Melvin, Robin G and Bieterman, Michael B and Johnson, Forrester T and Samant, Satish S and Bussoletti, John E},
  journal={Journal of Computational Physics},
  volume={92},
  number={1},
  pages={1--66},
  year={1991},
  publisher={Elsevier}
}

@book{lemieux,
author = {Lemieux, Christiane},
year = {2009},
month = {01},
pages = {},
title = {Monte Carlo and Quasi-Monte Carlo Sampling},
isbn = {978-0-387-78164-8},
doi = {10.1007/978-0-387-78165-5}
}

@article{joe2008constructing,
  title={Constructing Sobol sequences with better two-dimensional projections},
  author={Joe, Stephen and Kuo, Frances Y},
  journal={SIAM Journal on Scientific Computing},
  volume={30},
  number={5},
  pages={2635--2654},
  year={2008},
  publisher={SIAM}
}

@inproceedings{burhenne2011sampling,
  title={Sampling based on Sobolâ€™sequences for Monte Carlo techniques applied to building simulations},
  author={Burhenne, Sebastian and Jacob, Dirk and Henze, Gregor P},
  booktitle={Building Simulation 2011},
  volume={12},
  pages={1816--1823},
  year={2011},
  organization={IBPSA}
}

@article{press1992,
  title={Interpolation, realization, and reconstruction of noisy, irregularly sampled data},
  author={Rybicki, George B and Press, William H},
  journal={Astrophysical Journal, Part 1 (ISSN 0004-637X), vol. 398, no. 1, Oct. 10, 1992, p. 169-176.},
  volume={398},
  pages={169--176},
  year={1992}
}

@article{noe2019gaussian,
  title={Gaussian process emulation to accelerate parameter estimation in a mechanical model of the left ventricle: a critical step towards clinical end-user relevance},
  author={No{\`e}, Umberto and Lazarus, Alan and Gao, Hao and Davies, Vinny and Macdonald, Benn and Mangion, Kenneth and Berry, Colin and Luo, Xiaoyu and Husmeier, Dirk},
  journal={Journal of the Royal Society Interface},
  volume={16},
  number={156},
  pages={20190114},
  year={2019},
  publisher={The Royal Society}
}

@Article{McKay,
	 ISSN = {00401706},
	 URL = {http://www.jstor.org/stable/1268522},
	 abstract = {Two types of sampling plans are examined as alternatives to simple random sampling in Monte Carlo studies. These plans are shown to be improvements over simple random sampling with respect to variance for a class of estimators which includes the sample mean and the empirical distribution function.},
	 author = {M. D. McKay and R. J. Beckman and W. J. Conover},
	 journal = {Technometrics},
	 number = {2},
	 pages = {239--245},
	 publisher = {[Taylor & Francis, Ltd., American Statistical Association, American Society for Quality]},
	 title = {A Comparison of Three Methods for Selecting Values of Input Variables in the Analysis of Output from a Computer Code},
	 urldate = {2025-06-09},
	 volume = {21},
	 year = {1979}
}

@article{owen1997monte,
  title={Monte Carlo variance of scrambled net quadrature},
  author={Owen, Art B},
  journal={SIAM Journal on Numerical Analysis},
  volume={34},
  number={5},
  pages={1884--1910},
  year={1997},
  publisher={SIAM}
}

@article{davies2019fast,
  title={Fast parameter inference in a biomechanical model of the left ventricle by using statistical emulation},
  author={Davies, Vinny and No{\`e}, Umberto and Lazarus, Alan and Gao, Hao and Macdonald, Benn and Berry, Colin and Luo, Xiaoyu and Husmeier, Dirk},
  journal={Journal of the Royal Statistical Society Series C: Applied Statistics},
  volume={68},
  number={5},
  pages={1555--1576},
  year={2019},
  publisher={Oxford University Press}
}