% Encoding: UTF-8

% ================================================ THESIS RELATED REFERENCES ============================================
@Article{McKay,
	 ISSN = {00401706},
	 URL = {http://www.jstor.org/stable/1268522},
	 abstract = {Two types of sampling plans are examined as alternatives to simple random sampling in Monte Carlo studies. These plans are shown to be improvements over simple random sampling with respect to variance for a class of estimators which includes the sample mean and the empirical distribution function.},
	 author = {M. D. McKay and R. J. Beckman and W. J. Conover},
	 journal = {Technometrics},
	 number = {2},
	 pages = {239--245},
	 publisher = {[Taylor & Francis, Ltd., American Statistical Association, American Society for Quality]},
	 title = {A Comparison of Three Methods for Selecting Values of Input Variables in the Analysis of Output from a Computer Code},
	 urldate = {2025-06-09},
	 volume = {21},
	 year = {1979}
}

@article{noe2019gaussian,
  title={Gaussian process emulation to accelerate parameter estimation in a mechanical model of the left ventricle: a critical step towards clinical end-user relevance},
  author={No{\`e}, Umberto and Lazarus, Alan and Gao, Hao and Davies, Vinny and Macdonald, Benn and Mangion, Kenneth and Berry, Colin and Luo, Xiaoyu and Husmeier, Dirk},
  journal={Journal of the Royal Society Interface},
  volume={16},
  number={156},
  pages={20190114},
  year={2019},
  publisher={The Royal Society}
}

@article{davies2019fast,
  title={Fast parameter inference in a biomechanical model of the left ventricle by using statistical emulation},
  author={Davies, Vinny and No{\`e}, Umberto and Lazarus, Alan and Gao, Hao and Macdonald, Benn and Berry, Colin and Luo, Xiaoyu and Husmeier, Dirk},
  journal={Journal of the Royal Statistical Society Series C: Applied Statistics},
  volume={68},
  number={5},
  pages={1555--1576},
  year={2019},
  publisher={Oxford University Press}
}

@article{timmis2022european,
  title={European Society of Cardiology: cardiovascular disease statistics 2021},
  author={Timmis, Adam and Vardas, Panos and Townsend, Nick and Torbica, Aleksandra and Katus, Hugo and De Smedt, Delphine and Gale, Chris P and Maggioni, Aldo P and Petersen, Steffen E and Huculeci, Radu and others},
  journal={European heart journal},
  volume={43},
  number={8},
  pages={716--799},
  year={2022},
  publisher={Oxford University Press}
}

@article{williams1998bayesian,
  title={Bayesian classification with Gaussian processes},
  author={Williams, Christopher KI and Barber, David},
  journal={IEEE Transactions on pattern analysis and machine intelligence},
  volume={20},
  number={12},
  pages={1342--1351},
  year={1998},
  publisher={IEEE}
}

@book{de2011computational,
  title={Computational methods for plasticity: theory and applications},
  author={de Souza Neto, Eduardo A and Peric, Djordje and Owen, David RJ},
  year={2011},
  publisher={John Wiley \& Sons}
}

@book{malek2021modeling,
  title={Modeling Biomaterials},
  author={M{\'a}lek, Josef and S{\"u}li, Endre},
  year={2021},
  publisher={Springer}
}

@article{rassoli2018structural,
  title={Structural model for viscoelastic properties of pericardial bioprosthetic valves},
  author={Rassoli, Aisa and Fatouraee, Nasser and Guidoin, Robert},
  journal={Artificial Organs},
  volume={42},
  number={6},
  pages={630--639},
  year={2018},
  publisher={Wiley Online Library}
}

@article{propp2020orthotropic,
  title={An orthotropic electro-viscoelastic model for the heart with stress-assisted diffusion},
  author={Propp, Adrienne and Gizzi, Alessio and Levrero-Florencio, Francesc and Ruiz-Baier, Ricardo},
  journal={Biomechanics and Modeling in Mechanobiology},
  volume={19},
  pages={633--659},
  year={2020},
  publisher={Springer}
}

@article{press1992,
  title={Interpolation, realization, and reconstruction of noisy, irregularly sampled data},
  author={Rybicki, George B and Press, William H},
  journal={Astrophysical Journal, Part 1 (ISSN 0004-637X), vol. 398, no. 1, Oct. 10, 1992, p. 169-176.},
  volume={398},
  pages={169--176},
  year={1992}
}

@article{owen1997monte,
  title={Monte Carlo variance of scrambled net quadrature},
  author={Owen, Art B},
  journal={SIAM Journal on Numerical Analysis},
  volume={34},
  number={5},
  pages={1884--1910},
  year={1997},
  publisher={SIAM}
}

@article{klotz2006single,
  title={Single-beat estimation of end-diastolic pressure-volume relationship: a novel method with potential for noninvasive application},
  author={Klotz, Stefan and Hay, Ilan and Dickstein, Marc L and Yi, Geng-Hua and Wang, Jie and Maurer, Mathew S and Kass, David A and Burkhoff, Daniel},
  journal={American Journal of Physiology-Heart and Circulatory Physiology},
  volume={291},
  number={1},
  pages={H403--H412},
  year={2006},
  publisher={American Physiological Society}
}

@article{burkhoff2005assessment,
  title={Assessment of systolic and diastolic ventricular properties via pressure-volume analysis: a guide for clinical, translational, and basic researchers},
  author={Burkhoff, Daniel and Mirsky, Israel and Suga, Hiroyuki},
  journal={American Journal of Physiology-Heart and Circulatory Physiology},
  year={2005},
  publisher={American Physiological Society}
}

@article{cai2021surrogate,
  title={Surrogate models based on machine learning methods for parameter estimation of left ventricular myocardium},
  author={Cai, Li and Ren, Lei and Wang, Yongheng and Xie, Wenxian and Zhu, Guangyu and Gao, Hao},
  journal={Royal Society open science},
  volume={8},
  number={1},
  pages={201121},
  year={2021},
  publisher={The Royal Society}
}

@inproceedings{burhenne2011sampling,
  title={Sampling based on Sobol’sequences for Monte Carlo techniques applied to building simulations},
  author={Burhenne, Sebastian and Jacob, Dirk and Henze, Gregor P},
  booktitle={Building Simulation 2011},
  volume={12},
  pages={1816--1823},
  year={2011},
  organization={IBPSA}
}

@book{lemieux,
author = {Lemieux, Christiane},
year = {2009},
month = {01},
pages = {},
title = {Monte Carlo and Quasi-Monte Carlo Sampling},
isbn = {978-0-387-78164-8},
doi = {10.1007/978-0-387-78165-5}
}

@book{fang2005design,
  title={Design and modeling for computer experiments},
  author={Fang, Kai-Tai and Li, Runze and Sudjianto, Agus},
  year={2005},
  publisher={Chapman and Hall/CRC}
}

@article{abdessalem2017,
  title={Automatic kernel selection for gaussian processes regression with approximate bayesian computation and sequential monte carlo},
  author={Abdessalem, Anis Ben and Dervilis, Nikolaos and Wagg, David J and Worden, Keith},
  journal={Frontiers in Built Environment},
  volume={3},
  pages={52},
  year={2017},
  publisher={Frontiers Media SA}
}

@phdthesis{duvenaud2014automatic,
  title={Automatic model construction with Gaussian processes},
  author={Duvenaud, David},
  year={2014}
}

@article{currin1991bayesian,
  title={Bayesian prediction of deterministic functions, with applications to the design and analysis of computer experiments},
  author={Currin, Carla and Mitchell, Toby and Morris, Max and Ylvisaker, Don},
  journal={Journal of the American Statistical Association},
  volume={86},
  number={416},
  pages={953--963},
  year={1991},
  publisher={Taylor \& Francis}
}

@article{conti2010bayesian,
  title={Bayesian emulation of complex multi-output and dynamic computer models},
  author={Conti, Stefano and O’Hagan, Anthony},
  journal={Journal of statistical planning and inference},
  volume={140},
  number={3},
  pages={640--651},
  year={2010},
  publisher={Elsevier}
}

@article{kennedy2001bayesian,
  title={Bayesian calibration of computer models},
  author={Kennedy, Marc C and O'Hagan, Anthony},
  journal={Journal of the Royal Statistical Society: Series B (Statistical Methodology)},
  volume={63},
  number={3},
  pages={425--464},
  year={2001},
  publisher={Wiley Online Library}
}

@book{gramacy2020surrogates,
  title={Surrogates: Gaussian process modeling, design, and optimization for the applied sciences},
  author={Gramacy, Robert B},
  year={2020},
  publisher={Chapman and Hall/CRC}
}

@book{williams2006gaussian,
  title={Gaussian processes for machine learning},
  author={Williams, Christopher KI and Rasmussen, Carl Edward},
  volume={2},
  number={3},
  year={2006},
  publisher={MIT press Cambridge, MA}
}

@article{herman2017salib,
  title={SALib: An open-source Python library for sensitivity analysis},
  author={Herman, Jon and Usher, Will},
  journal={Journal of Open Source Software},
  volume={2},
  number={9},
  pages={97},
  year={2017}
}

@article{saltelli2010variance,
  title={Variance based sensitivity analysis of model output. Design and estimator for the total sensitivity index},
  author={Saltelli, Andrea and Annoni, Paola and Azzini, Ivano and Campolongo, Francesca and Ratto, Marco and Tarantola, Stefano},
  journal={Computer physics communications},
  volume={181},
  number={2},
  pages={259--270},
  year={2010},
  publisher={Elsevier}
}

@article{stone1994,
  title={The use of polynomial splines and their tensor products in multivariate function estimation},
  author={Stone, Charles J},
  journal={The annals of statistics},
  pages={118--171},
  year={1994},
  publisher={JSTOR}
}

@article{sobol1990sensitivity,
  title={On sensitivity estimation for nonlinear mathematical models},
  author={Sobol', Il'ya Meerovich},
  journal={Matematicheskoe modelirovanie},
  volume={2},
  number={1},
  pages={112--118},
  year={1990},
  publisher={Russian Academy of Sciences, Branch of Mathematical Sciences}
}

@article{rakovec2014distributed,
  title={Distributed Evaluation of Local Sensitivity Analysis (DELSA), with application to hydrologic models},
  author={Rakovec, O and Hill, Mary C and Clark, MP and Weerts, AH and Teuling, AJ and Uijlenhoet, R},
  journal={Water Resources Research},
  volume={50},
  number={1},
  pages={409--426},
  year={2014},
  publisher={Wiley Online Library}
}

@article{tang2007,
  title={Comparing sensitivity analysis methods to advance lumped watershed model identification and evaluation},
  author={Tang, Yong and Reed, Patrick and Wagener, Thibaut and Van Werkhoven, K},
  journal={Hydrology and Earth System Sciences},
  volume={11},
  number={2},
  pages={793--817},
  year={2007},
  publisher={Copernicus GmbH}
}

@article{hamm2006,
  title={Variance-based sensitivity analysis of the probability of hydrologically induced slope instability},
  author={Hamm, Nicholas AS and Hall, Jim W and Anderson, MG},
  journal={Computers \& geosciences},
  volume={32},
  number={6},
  pages={803--817},
  year={2006},
  publisher={Elsevier}
}

@article{saltelli2019so,
  title={Why so many published sensitivity analyses are false: A systematic review of sensitivity analysis practices},
  author={Saltelli, Andrea and Aleksankina, Ksenia and Becker, William and Fennell, Pamela and Ferretti, Federico and Holst, Niels and Li, Sushan and Wu, Qiongli},
  journal={Environmental modelling \& software},
  volume={114},
  pages={29--39},
  year={2019},
  publisher={Elsevier}
}

@book{saltelli2004sensitivity,
  title={Sensitivity analysis in practice: a guide to assessing scientific models},
  author={Saltelli, Andrea and Tarantola, Stefano and Campolongo, Francesca and Ratto, Marco and others},
  volume={1},
  year={2004},
  publisher={Wiley Online Library}
}

@book{caswell2019,
  title={Sensitivity analysis: matrix methods in demography and ecology},
  author={Caswell, Hal},
  year={2019},
  publisher={Springer Nature}
}

@article{im2005global,
  title={Global Sensitivity Indices for Nonlinear Mathematical Models. Review, vol. 1},
  author={IM, Sobol’ and Kucherenko, S},
  journal={Wilmott},
  pages={56--61},
  year={2005}
}

@article{storn1997,
  title={Differential evolution--a simple and efficient heuristic for global optimization over continuous spaces},
  author={Storn, Rainer and Price, Kenneth},
  journal={Journal of global optimization},
  volume={11},
  pages={341--359},
  year={1997},
  publisher={Springer}
}

@inproceedings{storn1996,
  title={On the usage of differential evolution for function optimization},
  author={Storn, Rainer},
  booktitle={Proceedings of North American fuzzy information processing},
  pages={519--523},
  year={1996},
  organization={Ieee}
}

@article{bardsley2012mcmc,
  title={MCMC-based image reconstruction with uncertainty quantification},
  author={Bardsley, Johnathan M},
  journal={SIAM Journal on Scientific Computing},
  volume={34},
  number={3},
  pages={A1316--A1332},
  year={2012},
  publisher={SIAM}
}

@book{mueller2012linear,
  title={Linear and nonlinear inverse problems with practical applications},
  author={Mueller, Jennifer L and Siltanen, Samuli},
  year={2012},
  publisher={SIAM}
}

@book{vogel2002computational,
  title={Computational methods for inverse problems},
  author={Vogel, Curtis R},
  year={2002},
  publisher={SIAM}
}

@article{mohamed2010comparison,
  title={Comparison of stochastic sampling algorithms for uncertainty quantification},
  author={Mohamed, Linah and Christie, Mike and Demyanov, Vasily},
  journal={SPE journal},
  volume={15},
  number={01},
  pages={31--38},
  year={2010},
  publisher={SPE}
}

@article{zhang2021modern,
  title={Modern Monte Carlo methods for efficient uncertainty quantification and propagation: A survey},
  author={Zhang, Jiaxin},
  journal={Wiley Interdisciplinary Reviews: Computational Statistics},
  volume={13},
  number={5},
  pages={e1539},
  year={2021},
  publisher={Wiley Online Library}
}

@book{cacuci2005sensitivity,
  title={Sensitivity and uncertainty analysis, volume II: applications to large-scale systems},
  author={Cacuci, Dan G and Ionescu-Bujor, Mihaela and Navon, Ionel Michael},
  year={2005},
  publisher={CRC press}
}

@article{wiener1938homogeneous,
  title={The homogeneous chaos},
  author={Wiener, Norbert},
  journal={American Journal of Mathematics},
  volume={60},
  number={4},
  pages={897--936},
  year={1938},
  publisher={JSTOR}
}

@article{cameron1947orthogonal,
  title={The orthogonal development of non-linear functionals in series of Fourier-Hermite functionals},
  author={Cameron, Robert H and Martin, William T},
  journal={Annals of Mathematics},
  volume={48},
  number={2},
  pages={385--392},
  year={1947},
  publisher={JSTOR}
}

@article{donders2015,
  title={Personalization of models with many model parameters: an efficient sensitivity analysis approach},
  author={Donders, WP and Huberts, W and Van De Vosse, FN and Delhaas, T},
  journal={International journal for numerical methods in biomedical engineering},
  volume={31},
  number={10},
  year={2015},
  publisher={Wiley Online Library}
}

@article{young1991locally,
  title={A locally refined rectangular grid finite element method: application to computational fluid dynamics and computational physics},
  author={Young, David P and Melvin, Robin G and Bieterman, Michael B and Johnson, Forrester T and Samant, Satish S and Bussoletti, John E},
  journal={Journal of Computational Physics},
  volume={92},
  number={1},
  pages={1--66},
  year={1991},
  publisher={Elsevier}
}

@article{joe2008constructing,
  title={Constructing Sobol sequences with better two-dimensional projections},
  author={Joe, Stephen and Kuo, Frances Y},
  journal={SIAM Journal on Scientific Computing},
  volume={30},
  number={5},
  pages={2635--2654},
  year={2008},
  publisher={SIAM}
}

@inproceedings{fowlkes2001efficient,
  title={Efficient spatiotemporal grouping using the nystrom method},
  author={Fowlkes, Charless and Belongie, Serge and Malik, Jitendra},
  booktitle={Proceedings of the 2001 IEEE Computer Society Conference on Computer Vision and Pattern Recognition. CVPR 2001},
  volume={1},
  pages={I--I},
  year={2001},
  organization={IEEE}
}

@article{barron2008,
  title={Approximation and learning by greedy algorithms},
  author={Barron, Andrew R and Cohen, Albert and Dahmen, Wolfgang and DeVore, Ronald A},
  year={2008}
}

@phdthesis{seeger2003bayesian,
  title={Bayesian Gaussian process models: PAC-Bayesian generalisation error bounds and sparse approximations},
  author={Seeger, Matthias},
  year={2003},
  school={University of Edinburgh}
}

@inproceedings{titsias2009variational,
  title={Variational learning of inducing variables in sparse Gaussian processes},
  author={Titsias, Michalis},
  booktitle={Artificial intelligence and statistics},
  pages={567--574},
  year={2009},
  organization={PMLR}
}

@book{quarteroni2019,
  title={Mathematical modelling of the human cardiovascular system: data, numerical approximation, clinical applications},
  author={Quarteroni, Alfio and Manzoni, Andrea and Vergara, Christian and others},
  volume={33},
  year={2019},
  publisher={Cambridge University Press}
}

@book{kaipio2006statistical,
  title={Statistical and computational inverse problems},
  author={Kaipio, Jari and Somersalo, Erkki},
  volume={160},
  year={2006},
  publisher={Springer Science \& Business Media}
}

@book{smith2024uncertainty,
  title={Uncertainty quantification: theory, implementation, and applications},
  author={Smith, Ralph C},
  year={2024},
  publisher={SIAM}
}

@article{ide1997unified,
  title={Unified notation for data assimilation: Operational, sequential and variational (gtspecial issueltdata assimilation in meteology and oceanography: Theory and practice)},
  author={Ide, Kayo and Courtier, Philippe and Ghil, Michael and Lorenc, Andrew C},
  journal={Journal of the Meteorological Society of Japan. Ser. II},
  volume={75},
  number={1B},
  pages={181--189},
  year={1997},
  publisher={Meteorological Society of Japan}
}

@book{hadamard2014lectures,
  title={Lectures on Cauchy's problem in linear partial differential equations},
  author={Hadamard, Jacques},
  year={2014},
  publisher={Courier Corporation}
}

@article{bayes1958essay,
  title={An essay towards solving a problem in the doctrine of chances},
  author={Bayes, Thomas},
  journal={Biometrika},
  volume={45},
  number={3-4},
  pages={296--315},
  year={1958}
}

@article{eberly2003estimating,
  title={Estimating Bayesian credible intervals},
  author={Eberly, Lynn E and Casella, George},
  journal={Journal of statistical planning and inference},
  volume={112},
  number={1-2},
  pages={115--132},
  year={2003},
  publisher={Elsevier}
}

@book{casella2024statistical,
  title={Statistical inference},
  author={Casella, George and Berger, Roger},
  year={2024},
  publisher={CRC press}
}

@article{perianes2016constructing,
  title={Constructing bibliometric networks: A comparison between full and fractional counting},
  author={Perianes-Rodriguez, Antonio and Waltman, Ludo and Van Eck, Nees Jan},
  journal={Journal of informetrics},
  volume={10},
  number={4},
  pages={1178--1195},
  year={2016},
  publisher={Elsevier}
}

@article{metropolis1953equation,
  title={Equation of state calculations by fast computing machines},
  author={Metropolis, Nicholas and Rosenbluth, Arianna W and Rosenbluth, Marshall N and Teller, Augusta H and Teller, Edward},
  journal={The journal of chemical physics},
  volume={21},
  number={6},
  pages={1087--1092},
  year={1953},
  publisher={American Institute of Physics}
}

@article{foreman2013emcee,
  title={emcee: the MCMC hammer},
  author={Foreman-Mackey, Daniel and Hogg, David W and Lang, Dustin and Goodman, Jonathan},
  journal={Publications of the Astronomical Society of the Pacific},
  volume={125},
  number={925},
  pages={306},
  year={2013},
  publisher={IOP Publishing}
}

@article{legrice1995laminar,
  title={Laminar structure of the heart: ventricular myocyte arrangement and connective tissue architecture in the dog},
  author={LeGrice, Ian J and Smaill, BH and Chai, LZ and Edgar, SG and Gavin, JB and Hunter, Peter J},
  journal={American Journal of Physiology-Heart and Circulatory Physiology},
  volume={269},
  number={2},
  pages={H571--H582},
  year={1995},
  publisher={American Physiological Society Bethesda, MD}
}

@article{wong2014generating,
  title={Generating fibre orientation maps in human heart models using Poisson interpolation},
  author={Wong, Jonathan and Kuhl, Ellen},
  journal={Computer methods in biomechanics and biomedical engineering},
  volume={17},
  number={11},
  pages={1217--1226},
  year={2014},
  publisher={Taylor \& Francis}
}

@article{nakatani2011left,
  title={Left ventricular rotation and twist: why should we learn?},
  author={Nakatani, Satoshi},
  journal={Journal of cardiovascular ultrasound},
  volume={19},
  number={1},
  pages={1},
  year={2011}
}

@book{klabunde2011cardiovascular,
  title={Cardiovascular physiology concepts},
  author={Klabunde, Richard},
  year={2011},
  publisher={Lippincott Williams \& Wilkins}
}

@article{gilbert2012visualization,
  title={Visualization and quantification of whole rat heart laminar structure using high-spatial resolution contrast-enhanced MRI},
  author={Gilbert, Stephen H and Benoist, David and Benson, Alan P and White, Ed and Tanner, Steven F and Holden, Arun V and Dobrzynski, Halina and Bernus, Olivier and Radjenovic, Aleksandra},
  journal={American Journal of Physiology-Heart and Circulatory Physiology},
  volume={302},
  number={1},
  pages={H287--H298},
  year={2012},
  publisher={American Physiological Society Bethesda, MD}
}

@article{wong2014generating,
  title={Generating fibre orientation maps in human heart models using Poisson interpolation},
  author={Wong, Jonathan and Kuhl, Ellen},
  journal={Computer methods in biomechanics and biomedical engineering},
  volume={17},
  number={11},
  pages={1217--1226},
  year={2014},
  publisher={Taylor \& Francis}
}

@book{abbas2005robbins,
  title={Robbins and Cotran pathologic basis of disease},
  author={Abbas, Abul K and Fausto, Nelson and Robbins, Stanley Leonard},
  year={2005},
  publisher={Elsevier Saunders}
}

@book{bonow2011braunwald,
  title={Braunwald's heart disease e-book: A textbook of cardiovascular medicine},
  author={Bonow, Robert O and Mann, Douglas L and Zipes, Douglas P and Libby, Peter},
  year={2011},
  publisher={Elsevier Health Sciences}
}

@article{streeter1973engineering,
  title={Engineering mechanics for successive states in canine left ventricular myocardium: I. Cavity and wall geometry},
  author={Streeter Jr, Daniel D and Hanna, William T},
  journal={Circulation research},
  volume={33},
  number={6},
  pages={639--655},
  year={1973},
  publisher={Lippincott Williams \& Wilkins}
}

@article{toussaint2013vivo,
  title={In vivo human cardiac fibre architecture estimation using shape-based diffusion tensor processing},
  author={Toussaint, Nicolas and Stoeck, Christian T and Schaeffter, Tobias and Kozerke, Sebastian and Sermesant, Maxime and Batchelor, Philip G},
  journal={Medical image analysis},
  volume={17},
  number={8},
  pages={1243--1255},
  year={2013},
  publisher={Elsevier}
}

@article{khalique2020diffusion,
  title={Diffusion tensor cardiovascular magnetic resonance imaging: a clinical perspective},
  author={Khalique, Zohya and Ferreira, Pedro F and Scott, Andrew D and Nielles-Vallespin, Sonia and Firmin, David N and Pennell, Dudley J},
  journal={Cardiovascular Imaging},
  volume={13},
  number={5},
  pages={1235--1255},
  year={2020},
  publisher={American College of Cardiology Foundation Washington DC}
}

@article{wang2013structure,
  title={Structure-based finite strain modelling of the human left ventricle in diastole},
  author={Wang, HM and Gao, H and Luo, XY and Berry, C and Griffith, BE and Ogden, RW and Wang, TJ},
  journal={International journal for numerical methods in biomedical engineering},
  volume={29},
  number={1},
  pages={83--103},
  year={2013},
  publisher={Wiley Online Library}
}

@article{arts2003modeling,
  title={Modeling the relation between cardiac pump function and myofiber mechanics},
  author={Arts, T and Bovendeerd, P and Delhaas, T and Prinzen, F},
  journal={Journal of biomechanics},
  volume={36},
  number={5},
  pages={731--736},
  year={2003},
  publisher={Elsevier}
}

@article{geerts2002characterization,
  title={Characterization of the normal cardiac myofiber field in goat measured with MR-diffusion tensor imaging},
  author={Geerts, Liesbeth and Bovendeerd, Peter and Nicolay, Klaas and Arts, Theo},
  journal={American Journal of Physiology-Heart and Circulatory Physiology},
  volume={283},
  number={1},
  pages={H139--H145},
  year={2002},
  publisher={American Physiological Society Bethesda, MD}
}

@article{buckberg2008structure,
  title={Structure and function relationships of the helical ventricular myocardial band},
  author={Buckberg, Gerald and Mahajan, Aman and Saleh, Saleh and Hoffman, Julien IE and Coghlan, Cecil},
  journal={The Journal of thoracic and cardiovascular surgery},
  volume={136},
  number={3},
  pages={578--589},
  year={2008},
  publisher={Elsevier}
}

@article{yang2012adaptive,
  title={Adaptive ANOVA decomposition of stochastic incompressible and compressible flows},
  author={Yang, Xiu and Choi, Minseok and Lin, Guang and Karniadakis, George Em},
  journal={Journal of Computational Physics},
  volume={231},
  number={4},
  pages={1587--1614},
  year={2012},
  publisher={Elsevier}
}

@article{dong2001mri,
  title={MRI assessment of LV relaxation by untwisting rate: a new isovolumic phase measure of $\tau$},
  author={Dong, Sheng-Jing and Hees, Paul S and Siu, Cynthia O and Weiss, James L and Shapiro, Edward P},
  journal={American Journal of Physiology-Heart and Circulatory Physiology},
  volume={281},
  number={5},
  pages={H2002--H2009},
  year={2001},
  publisher={American Physiological Society Bethesda, MD}
}

@article{maeder2009heart,
  title={Heart failure with normal left ventricular ejection fraction},
  author={Maeder, Micha T and Kaye, David M},
  journal={Journal of the American College of Cardiology},
  volume={53},
  number={11},
  pages={905--918},
  year={2009},
  publisher={American College of Cardiology Foundation Washington, DC}
}

@article{mcevoy2018compressibility,
  title={Compressibility and anisotropy of the ventricular myocardium: experimental analysis and microstructural modeling},
  author={McEvoy, Eoin and Holzapfel, Gerhard A and McGarry, Patrick},
  journal={Journal of biomechanical engineering},
  volume={140},
  number={8},
  pages={081004},
  year={2018},
  publisher={American Society of Mechanical Engineers}
}

@article{dokos2002shear,
  title={Shear properties of passive ventricular myocardium},
  author={Dokos, Socrates and Smaill, Bruce H and Young, Alistair A and LeGrice, Ian J},
  journal={American Journal of Physiology-Heart and Circulatory Physiology},
  volume={283},
  number={6},
  pages={H2650--H2659},
  year={2002},
  publisher={American Physiological Society Bethesda, MD}
}

@article{humphrey2003continuum,
  title={Continuum biomechanics of soft biological tissues},
  author={Humphrey, Jay D},
  journal={Proceedings of the Royal Society of London. Series A: Mathematical, Physical and Engineering Sciences},
  volume={459},
  number={2029},
  pages={3--46},
  year={2003},
  publisher={The Royal Society}
}

@article{fung1977first,
  title={A first course in continuum mechanics},
  author={Fung, Yuan-cheng},
  journal={Englewood Cliffs},
  year={1977}
}

@book{gurtin1982introduction,
  title={An introduction to continuum mechanics},
  author={Gurtin, Morton E},
  volume={158},
  year={1982},
  publisher={Academic press}
}

@book{malvern1969introduction,
  title={Introduction to the Mechanics of a Continuous Medium},
  author={Malvern, Lawrence E},
  number={Monograph},
  year={1969}
}

@book{bonet1997nonlinear,
  title={Nonlinear continuum mechanics for finite element analysis},
  author={Bonet, Javier and Wood, Richard D},
  year={1997},
  publisher={Cambridge university press}
}

@misc{holzapfel2002nonlinear,
  title={Nonlinear solid mechanics: a continuum approach for engineering science},
  author={Holzapfel, Gerhard A},
  year={2002},
  publisher={Kluwer Academic Publishers Dordrecht}
}

@article{zeidi2018mechanics,
  title={Mechanics of an elastic solid reinforced with bidirectional fiber in finite plane elastostatics: complete analysis},
  author={Zeidi, Mahdi and Kim, Chun IL},
  journal={Continuum Mechanics and Thermodynamics},
  volume={30},
  number={3},
  pages={573--592},
  year={2018},
  publisher={Springer}
}

@book{ogden1997non,
  title={Non-linear elastic deformations},
  author={Ogden, Raymond W},
  year={1997},
  publisher={Courier Corporation}
}

@article{spencer2004continuum,
  title={Continuum Mechanics (Dover Books on Physics)},
  author={Spencer, AJ},
  year={2004},
  publisher={Dover Publications, Mineola, NY}
}

@misc{holzapfel2000continuum,
  title={A continuum approach for engineering},
  author={Holzapfel, Gerhard A and Mechanics, Non-linear Solid},
  year={2000},
  publisher={John Wiley and Sons, Chichester, UK}
}

@article{noll1973lectures,
  title={Lectures on the foundations of continuum mechanics and thermodynamics},
  author={Noll, Walter},
  journal={Archive for Rational Mechanics and Analysis},
  volume={52},
  pages={62--92},
  year={1973},
  publisher={Springer}
}

@article{chapelle2010poroelastic,
  title={A poroelastic model valid in large strains with applications to perfusion in cardiac modeling},
  author={Chapelle, Dominique and Gerbeau, J-F and Sainte-Marie, J and Vignon-Clementel, IE},
  journal={Computational Mechanics},
  volume={46},
  pages={91--101},
  year={2010},
  publisher={Springer}
}

@article{guccione1991passive,
  title={Passive material properties of intact ventricular myocardium determined from a cylindrical model},
  author={Guccione, Julius M and McCulloch, Andrew D and Waldman, LK},
  year={1991}
}

@article{yin1981ventricular,
  title={Ventricular wall stress.},
  author={Yin, FC},
  journal={Circulation research},
  volume={49},
  number={4},
  pages={829--842},
  year={1981}
}

@article{humphrey1987constitutive,
  title={On constitutive relations and finite deformations of passive cardiac tissue: I. A pseudostrain-energy function},
  author={Humphrey, JD and Yin, FCP},
  year={1987}
}

@article{demiray1976stresses,
  title={Stresses in ventricular wall},
  author={Demiray, H},
  year={1976}
}

@article{costa2001modelling,
  title={Modelling cardiac mechanical properties in three dimensions},
  author={Costa, Kevin D and Holmes, Jeffrey W and McCulloch, Andrew D},
  journal={Philosophical transactions of the Royal Society of London. Series A: Mathematical, physical and engineering sciences},
  volume={359},
  number={1783},
  pages={1233--1250},
  year={2001},
  publisher={The Royal Society}
}

@article{holzapfel2009constitutive,
  title={Constitutive modelling of passive myocardium: a structurally based framework for material characterization},
  author={Holzapfel, Gerhard A and Ogden, Ray W},
  journal={Philosophical Transactions of the Royal Society A: Mathematical, Physical and Engineering Sciences},
  volume={367},
  number={1902},
  pages={3445--3475},
  year={2009},
  publisher={The Royal Society Publishing}
}

@article{gao2015parameter,
  title={Parameter estimation in a Holzapfel--Ogden law for healthy myocardium},
  author={Gao, H and Li, WG and Cai, L and Berry, C and Luo, XY},
  journal={Journal of engineering mathematics},
  volume={95},
  pages={231--248},
  year={2015},
  publisher={Springer}
}

@article{hadjicharalambous2017non,
  title={Non-invasive model-based assessment of passive left-ventricular myocardial stiffness in healthy subjects and in patients with non-ischemic dilated cardiomyopathy},
  author={Hadjicharalambous, Myrianthi and Asner, Liya and Chabiniok, Radomir and Sammut, Eva and Wong, James and Peressutti, Devis and Kerfoot, Eric and King, Andrew and Lee, Jack and Razavi, Reza and others},
  journal={Annals of biomedical engineering},
  volume={45},
  pages={605--618},
  year={2017},
  publisher={Springer}
}

@article{gao2017changes,
  title={Changes and classification in myocardial contractile function in the left ventricle following acute myocardial infarction},
  author={Gao, Hao and Aderhold, Andrej and Mangion, Kenneth and Luo, Xiaoyu and Husmeier, Dirk and Berry, Colin},
  journal={Journal of The Royal Society Interface},
  volume={14},
  number={132},
  pages={20170203},
  year={2017},
  publisher={The Royal Society}
}

@article{arts2001relating,
  title={Relating myocardial laminar architecture to shear strain and muscle fiber orientation},
  author={Arts, Theo and Costa, Kevin D and Covell, Jim W and McCulloch, Andrew D},
  journal={American Journal of Physiology-Heart and Circulatory Physiology},
  volume={280},
  number={5},
  pages={H2222--H2229},
  year={2001},
  publisher={American Physiological Society Bethesda, MD}
}

@article{misfeld2007heart,
  title={Heart valve macro-and microstructure},
  author={Misfeld, Martin and Sievers, Hans-Hinrich},
  journal={Philosophical Transactions of the Royal Society B: Biological Sciences},
  volume={362},
  number={1484},
  pages={1421--1436},
  year={2007},
  publisher={The Royal Society London}
}

@article{sommer2015biomechanical,
  title={Biomechanical properties and microstructure of human ventricular myocardium},
  author={Sommer, Gerhard and Schriefl, Andreas J and Andr{\"a}, Michaela and Sacherer, Michael and Viertler, Christian and Wolinski, Heimo and Holzapfel, Gerhard A},
  journal={Acta biomaterialia},
  volume={24},
  pages={172--192},
  year={2015},
  publisher={Elsevier}
}

@book{hayashi1996computational,
  title={Computational biomechanics},
  author={Hayashi, Kozaburo and Ishikawa, Hiromasa and Tanaka, M and Adachi, T},
  year={1996},
  publisher={Springer}
}

@book{truesdell2004non,
  title={The non-linear field theories of mechanics},
  author={Truesdell, Clifford and Noll, Walter and Truesdell, C and Noll, W},
  year={2004},
  publisher={Springer}
}


% ================================================================================================================

% ================================================ TUTORIAL RELATED REFERENCES ==========================================
@InProceedings{ Artho04,
	author       = "Cyrille Artho and Klaus Havelund and Armin Biere",
	title        = "Using Block-Local Atomicity to Detect Stale-Value Concurrency Errors",
	booktitle    = "ATVA",
	year         = "2004",
	pages        = "150--164",
	crossref     = "DBLP:conf/atva/2004",
	bibsource    = "DBLP, http://dblp.uni-trier.de",
	ee           = "http://springerlink.metapress.com/openurl.asp?genre=article{\&}issn=0302-9743{\&}volume=3299{\&}spage=150",
}

@online{ Parkins2017,
	author       = "Parkins, David",
	booktitle    = "Economist (United Kingdom)",
	issn         = "00130613",
	mendeley     = "I4.0/BigData",
	number       = "9035",
	title        = "{Regulating the internet giants: The world's most valuable resource is no longer oil, but data}",
	url          = "https://www.economist.com/leaders/2017/05/06/the-worlds-most-valuable-resource-is-no-longer-oil-but-data?fbclid=IwAR1EaO3g6OJoDuhrHBNyqQJAqR2NyhvcZ07uexTWa3Hujq0azNMVHKhQido",
	urldate      = "2020-01-21",
	volume       = "413",
	year         = "2017",
}

@Misc{ Artho03,
	author       = "C. Artho and K. Havelund and A. Biere",
	title        = "High-Level Data Races",
	text         = "C. Artho, K. Havelund, and A. Biere. High-Level Data Races. In VVEIS'03, The First International Workshop on Verification and Validation of Enterprise Information Systems, April 2003. Angers, France.",
	year         = "2003",
	url          = "citeseer.ist.psu.edu/artho03highlevel.html",
}

@Article{ Beckman08,
	title        = "Verifying Correct Usage of Atomic Blocks and Typestate",
	author       = "Nels E. Beckman and Kevin Bierhoff and Jonathan Aldrich",
	publisher    = "ACM",
	address      = "New York, NY, USA",
	journal      = "SIGPLAN Not.",
	pages        = "227--244",
	volume       = "43",
	number       = "10",
	year         = "2008",
	issn         = "0362-1340",
	doi          = "http://doi.acm.org/10.1145/1449955.1449783",
}

@InProceedings{ Flanagan04,
	author       = "Cormac Flanagan and Stephen N Freund",
	title        = "Atomizer: a dynamic atomicity checker for multithreaded programs",
	booktitle    = "POPL '04: Proceedings of the 31st ACM SIGPLAN-SIGACT symposium on Principles of programming languages",
	year         = "2004",
	isbn         = "1-58113-729-X",
	pages        = "256--267",
	location     = "Venice, Italy",
	doi          = "http://doi.acm.org/10.1145/964001.964023",
	publisher    = "ACM",
	address      = "New York, NY, USA",
}

@Misc{ IBM-Rep,
	title        = "{IBM's Concurrency Testing Repository}",
}

@InProceedings{ Praun03,
	author       = "Christoph {von Praun} and Thomas R. Gross",
	title        = "Static Detection of Atomicity Violations in Object-Oriented Programs",
	booktitle    = "Journal of Object Technology",
	year         = "2003",
	pages        = "2004",
}

@InProceedings{ Shavit95,
	author       = "Nir Shavit and Dan Touitou",
	title        = "Software transactional memory",
	booktitle    = "PODC '95: Proceedings of the fourteenth annual ACM symposium on Principles of distributed computing",
	year         = "1995",
	isbn         = "0-89791-710-3",
	pages        = "204--213",
	location     = "Ottowa, Ontario, Canada",
	doi          = "http://doi.acm.org/10.1145/224964.224987",
	publisher    = "ACM",
	address      = "New York, NY, USA",
}

@Book{ Silberschatz06,
	author       = "Abraham Silberschatz and Henry F. Korth and S. Sudarshan",
	title        = "Database System Concepts",
	publisher    = "McGraw-Hill",
	year         = "2006",
	edition      = "Fifth",
	isbn         = "007-124476-X",
}

@Book{ Moss85,
	author       = "J. Eliot and B. Moss",
	title        = "Nested transactions: an approach to reliable distributed computing",
	year         = "1985",
	isbn         = "0-262-13200-1",
	publisher    = "Massachusetts Institute of Technology",
	address      = "Cambridge, MA, USA",
}

@Proceedings{ DBLP:conf/atva/2004,
	editor       = "Farn Wang",
	title        = "Automated Technology for Verification and Analysis: Second International Conference, ATVA 2004, Taipei, Taiwan, ROC, October 31-November 3, 2004. Proceedings",
	booktitle    = "ATVA",
	publisher    = "Springer",
	series       = "Lecture Notes in Computer Science",
	volume       = "3299",
	year         = "2004",
	isbn         = "3-540-23610-4",
	bibsource    = "DBLP, http://dblp.uni-trier.de",
}

@InProceedings{ecoop12-dias,
	author       = "Dias, Ricardo J. and Distefano, Dino and Seco, J. C. and Lourenço, João M.",
	booktitle    = "Proceedings of the 26th European conference on Object-oriented programming ({ECOOP}'12)",
	title        = "Verification of Snapshot Isolation in Transactional Memory Java Programs",
	year         = "2012",
	month        = jun,
	publisher    = "Springer-Verlag",
}

@online{wiki:shuntingyard,
    author = "Wikipedia contributors",
    title = "Shunting-yard algorithm --- Wikipedia{,} The Free Encyclopedia",
    year = "2017",
    month = "3",
    url = "https://en.wikipedia.org/w/index.php?title=Shunting-yard_algorithm&oldid=817901155",
    urldate = {2018-03-01},
    keywords  = "Dijkstra,prefix"
}

@online{bison,
    url = {https://www.gnu.org/software/bison/},
    urldate = {2020-07-26},
    keywords = {parser,generator},
    title = {Gnu Bison},
}

@online{flex,
    url = {https://github.com/westes/flex},
    urldate = {2020-07-26},
    keywords = {lexical,analyser},
    title = {Fast Lexical Analyser},
}
% ===============================================================================================================